@book {Adams2002,
    AUTHOR = {Adams, Robert A. and Fournier, John J. F.},
     TITLE = {Sobolev spaces},
    SERIES = {Pure and Applied Mathematics (Amsterdam)},
    VOLUME = {140},
   EDITION = {Second},
 PUBLISHER = {Elsevier/Academic Press, Amsterdam},
      YEAR = {2003},
     PAGES = {xiv+305},
      ISBN = {0-12-044143-8},
   MRCLASS = {46E35 (46-01 46-02 46B70 46Exx)},
  MRNUMBER = {2424078},
}


@book {Kobayashi87,
    AUTHOR = {Kobayashi, Shoshichi},
     TITLE = {Differential geometry of complex vector bundles},
    SERIES = {Publications of the Mathematical Society of Japan},
    VOLUME = {15},
      NOTE = {Kan\^{o} Memorial Lectures, 5},
 PUBLISHER = {Princeton University Press, Princeton, NJ; Princeton
              University Press, Princeton, NJ},
      YEAR = {1987},
     PAGES = {xii+305},
      ISBN = {0-691-08467-X},
   MRCLASS = {53C55 (32-02 32L05 32L10 32L20)},
  MRNUMBER = {909698},
MRREVIEWER = {Daniel M. Burns, Jr.},
       DOI = {10.1515/9781400858682},
       URL = {https://doi-org.usm.idm.oclc.org/10.1515/9781400858682},
}

@book {Bourbaki75,
    AUTHOR = {Bourbaki, N.},
     TITLE = {\'{E}l\'{e}ments de math\'{e}matique. {F}asc. {XXXVIII}: {G}roupes et
              alg\`ebres de {L}ie. {C}hapitre {VII}: {S}ous-alg\`ebres de
              {C}artan, \'{e}l\'{e}ments r\'{e}guliers. {C}hapitre {VIII}: {A}lg\`ebres de
              {L}ie semi-simples d\'{e}ploy\'{e}es},
      NOTE = {Actualit\'{e}s Sci. Indust., No. 1364},
 PUBLISHER = {Hermann, Paris},
      YEAR = {1975},
     PAGES = {271},
   MRCLASS = {17BXX (22E65)},
  MRNUMBER = {0453824},
MRREVIEWER = {J. E. Humphreys},
}

@book {YanoBochner53,
    AUTHOR = {Yano, K. and Bochner, S.},
     TITLE = {Curvature and {B}etti numbers},
    SERIES = {Annals of Mathematics Studies, No. 32},
 PUBLISHER = {Princeton University Press, Princeton, N. J.},
      YEAR = {1953},
     PAGES = {ix+190},
   MRCLASS = {53.0X},
  MRNUMBER = {0062505},
MRREVIEWER = {A. Lichnerowicz},
}

@article {CheegerGromoll71,
    AUTHOR = {Cheeger, Jeff and Gromoll, Detlef},
     TITLE = {The splitting theorem for manifolds of nonnegative {R}icci
              curvature},
   JOURNAL = {J. Differential Geometry},
  FJOURNAL = {Journal of Differential Geometry},
    VOLUME = {6},
      YEAR = {1971/72},
     PAGES = {119--128},
      ISSN = {0022-040X},
   MRCLASS = {53C20},
  MRNUMBER = {303460},
MRREVIEWER = {J. R. Vanstone},
       URL = {http://projecteuclid.org/euclid.jdg/1214430220},
}

@article {Simons62,
    AUTHOR = {Simons, James},
     TITLE = {On the transitivity of holonomy systems},
   JOURNAL = {Ann. of Math. (2)},
  FJOURNAL = {Annals of Mathematics. Second Series},
    VOLUME = {76},
      YEAR = {1962},
     PAGES = {213--234},
      ISSN = {0003-486X},
   MRCLASS = {53.50 (53.72)},
  MRNUMBER = {148010},
MRREVIEWER = {H. Ozeki},
       DOI = {10.2307/1970273},
       URL = {https://doi-org.usm.idm.oclc.org/10.2307/1970273},
}

@article {Berger55,
    AUTHOR = {Berger, Marcel},
     TITLE = {Sur les groupes d'holonomie homog\`ene des vari\'{e}t\'{e}s \`a connexion
              affine et des vari\'{e}t\'{e}s riemanniennes},
   JOURNAL = {Bull. Soc. Math. France},
  FJOURNAL = {Bulletin de la Soci\'{e}t\'{e} Math\'{e}matique de France},
    VOLUME = {83},
      YEAR = {1955},
     PAGES = {279--330},
      ISSN = {0037-9484},
   MRCLASS = {53.1X},
  MRNUMBER = {79806},
MRREVIEWER = {R. Herman},
       URL = {http://www.numdam.org/item?id=BSMF_1955__83__279_0},
}

@book {Kobayashi96,
    AUTHOR = {Kobayashi, Shoshichi and Nomizu, Katsumi},
     TITLE = {Foundations of differential geometry. {V}ol. {I}, {II}},
    SERIES = {Wiley Classics Library},
      NOTE = {Reprint of the 1969 original,
              A Wiley-Interscience Publication},
 PUBLISHER = {John Wiley \& Sons, Inc., New York},
      YEAR = {1996},
     PAGES = {xvi+468},
      ISBN = {0-471-15732-5},
   MRCLASS = {53-01},
  MRNUMBER = {1393941},
}


@article {Matsushima57,
    AUTHOR = {Matsushima, Yoz\^{o}},
     TITLE = {Sur la structure du groupe d'hom\'{e}omorphismes analytiques d'une
              certaine vari\'{e}t\'{e} k\"{a}hl\'{e}rienne},
   JOURNAL = {Nagoya Math. J.},
  FJOURNAL = {Nagoya Mathematical Journal},
    VOLUME = {11},
      YEAR = {1957},
     PAGES = {145--150},
      ISSN = {0027-7630},
   MRCLASS = {32.00},
  MRNUMBER = {94478},
MRREVIEWER = {K. Yano},
       URL = {http://projecteuclid.org/euclid.nmj/1118799867},
}

@article {Futaki83,
    AUTHOR = {Futaki, A.},
     TITLE = {An obstruction to the existence of {E}instein {K}\"{a}hler
              metrics},
   JOURNAL = {Invent. Math.},
  FJOURNAL = {Inventiones Mathematicae},
    VOLUME = {73},
      YEAR = {1983},
    NUMBER = {3},
     PAGES = {437--443},
      ISSN = {0020-9910},
   MRCLASS = {53C55 (32J99)},
  MRNUMBER = {718940},
MRREVIEWER = {J. L. Kazdan},
       DOI = {10.1007/BF01388438},
       URL = {https://doi-org.usm.idm.oclc.org/10.1007/BF01388438},
}

@book {Har77,
    AUTHOR = {Hartshorne, Robin},
     TITLE = {Algebraic geometry},
      NOTE = {Graduate Texts in Mathematics, No. 52},
 PUBLISHER = {Springer-Verlag, New York-Heidelberg},
      YEAR = {1977},
     PAGES = {xvi+496},
      ISBN = {0-387-90244-9},
   MRCLASS = {14-01},
  MRNUMBER = {0463157},
MRREVIEWER = {Robert Speiser},
}

@book {Huy05,
    AUTHOR = {Huybrechts, Daniel},
     TITLE = {Complex geometry},
    SERIES = {Universitext},
      NOTE = {An introduction},
 PUBLISHER = {Springer-Verlag, Berlin},
      YEAR = {2005},
     PAGES = {xii+309},
      ISBN = {3-540-21290-6},
   MRCLASS = {32Qxx (14-01 32-01 32G05 32J25 53C55 53C56)},
  MRNUMBER = {2093043},
MRREVIEWER = {Richard P. Thomas},
}

@book{Man15,
 Author = {do Carmo, Manfredo Perdigao},
 Title = {{Geometria Riemanniana}},
 FJournal = {{Projeto Euclides}},
 Journal = {{Projeto Euclides}},
 Edition = {5th edition, 2nd printing},
 ISBN = {978-85-244-0036-0},
 Pages = {ix + 335},
 Year = {2015},
 Publisher = {Rio de Janeiro: Instituto de Matem\'atica Pura e Aplicada (IMPA)},
 Language = {Portuguese},
 MSC2010 = {53-01 53C20},
 Zbl = {1412.53001}
}


@book {Lee13,
    AUTHOR = {Lee, John M.},
     TITLE = {Introduction to smooth manifolds},
    SERIES = {Graduate Texts in Mathematics},
    VOLUME = {218},
   EDITION = {Second},
 PUBLISHER = {Springer, New York},
      YEAR = {2013},
     PAGES = {xvi+708},
      ISBN = {978-1-4419-9981-8},
   MRCLASS = {58-01 (53-01 57-01)},
  MRNUMBER = {2954043},
}

@article {NN57,
    AUTHOR = {Newlander, A. and Nirenberg, L.},
     TITLE = {Complex analytic coordinates in almost complex manifolds},
   JOURNAL = {Ann. of Math. (2)},
  FJOURNAL = {Annals of Mathematics. Second Series},
    VOLUME = {65},
      YEAR = {1957},
     PAGES = {391--404},
      ISSN = {0003-486X},
   MRCLASS = {53.3X},
  MRNUMBER = {88770},
MRREVIEWER = {A. Douglis},
       DOI = {10.2307/1970051},
       URL = {https://doi-org.usm.idm.oclc.org/10.2307/1970051},
}

@article {Yau78,
    AUTHOR = {Yau, Shing Tung},
     TITLE = {On the {R}icci curvature of a compact {K}\"{a}hler manifold and
              the complex {M}onge-{A}mp\`ere equation. {I}},
   JOURNAL = {Comm. Pure Appl. Math.},
  FJOURNAL = {Communications on Pure and Applied Mathematics},
    VOLUME = {31},
      YEAR = {1978},
    NUMBER = {3},
     PAGES = {339--411},
      ISSN = {0010-3640},
   MRCLASS = {53C55 (32C10 35J60)},
  MRNUMBER = {480350},
MRREVIEWER = {Robert E. Greene},
       DOI = {10.1002/cpa.3160310304},
       URL = {https://doi-org.usm.idm.oclc.org/10.1002/cpa.3160310304},
}

@incollection {CalConj57,
    AUTHOR = {Calabi, Eugenio},
     TITLE = {On {K}\"{a}hler manifolds with vanishing canonical class},
 BOOKTITLE = {Algebraic geometry and topology. {A} symposium in honor of
              {S}. {L}efschetz},
     PAGES = {78--89},
 PUBLISHER = {Princeton University Press, Princeton, N. J.},
      YEAR = {1957},
   MRCLASS = {53.3X},
  MRNUMBER = {0085583},
MRREVIEWER = {P. Dolbeault},
}

@article {CarSerr53,
    AUTHOR = {Cartan, Henri and Serre, Jean-Pierre},
     TITLE = {Un th\'{e}or\`eme de finitude concernant les vari\'{e}t\'{e}s analytiques
              compactes},
   JOURNAL = {C. R. Acad. Sci. Paris},
  FJOURNAL = {Comptes Rendus Hebdomadaires des S\'{e}ances de l'Acad\'{e}mie des
              Sciences},
    VOLUME = {237},
      YEAR = {1953},
     PAGES = {128--130},
      ISSN = {0001-4036},
   MRCLASS = {53.0X},
  MRNUMBER = {66010},
MRREVIEWER = {P. E. Conner},
}

@book {GriHar78,
    AUTHOR = {Griffiths, Phillip and Harris, Joseph},
     TITLE = {Principles of algebraic geometry},
      NOTE = {Pure and Applied Mathematics},
 PUBLISHER = {Wiley-Interscience [John Wiley \& Sons], New York},
      YEAR = {1978},
     PAGES = {xii+813},
      ISBN = {0-471-32792-1},
   MRCLASS = {14-01},
  MRNUMBER = {507725},
MRREVIEWER = {Gerhard Pfister},
}

@article {Tian90,
    AUTHOR = {Tian, Gang},
     TITLE = {On a set of polarized {K}\"{a}hler metrics on algebraic manifolds},
   JOURNAL = {J. Differential Geom.},
  FJOURNAL = {Journal of Differential Geometry},
    VOLUME = {32},
      YEAR = {1990},
    NUMBER = {1},
     PAGES = {99--130},
      ISSN = {0022-040X},
   MRCLASS = {32L07 (32C17 53C55)},
  MRNUMBER = {1064867},
MRREVIEWER = {John M. Lee},
       URL = {http://projecteuclid.org/euclid.jdg/1214445039},
}



@article {Aub78,
    AUTHOR = {Aubin, Thierry},
     TITLE = {\'{E}quations du type {M}onge-{A}mp\`ere sur les vari\'{e}t\'{e}s
              k\"{a}hl\'{e}riennes compactes},
   JOURNAL = {Bull. Sci. Math. (2)},
  FJOURNAL = {Bulletin des Sciences Math\'{e}matiques. 2e S\'{e}rie},
    VOLUME = {102},
      YEAR = {1978},
    NUMBER = {1},
     PAGES = {63--95},
      ISSN = {0007-4497},
   MRCLASS = {53C55 (32C10 35J60 58G30)},
  MRNUMBER = {494932},
MRREVIEWER = {Robert E. Greene},
}
@article {Tian97,
    AUTHOR = {Tian, Gang},
     TITLE = {K\"{a}hler-{E}instein metrics with positive scalar curvature},
   JOURNAL = {Invent. Math.},
  FJOURNAL = {Inventiones Mathematicae},
    VOLUME = {130},
      YEAR = {1997},
    NUMBER = {1},
     PAGES = {1--37},
      ISSN = {0020-9910},
   MRCLASS = {53C25 (32L07 53C55)},
  MRNUMBER = {1471884},
MRREVIEWER = {Thalia D. Jeffres},
       DOI = {10.1007/s002220050176},
       URL = {https://doi-org.usm.idm.oclc.org/10.1007/s002220050176},
}

@article {Chen-Don-Sun,
    AUTHOR = {Chen, Xiuxiong and Donaldson, Simon and Sun, Song},
     TITLE = {K\"{a}hler-{E}instein metrics on {F}ano manifolds. {I}:
              {A}pproximation of metrics with cone singularities},
   JOURNAL = {J. Amer. Math. Soc.},
  FJOURNAL = {Journal of the American Mathematical Society},
    VOLUME = {28},
      YEAR = {2015},
    NUMBER = {1},
     PAGES = {183--197},
      ISSN = {0894-0347},
   MRCLASS = {53C55 (14J45 32Q20 32W20 53C25)},
  MRNUMBER = {3264766},
MRREVIEWER = {Julius Ross},
       DOI = {10.1090/S0894-0347-2014-00799-2},
       URL = {https://doi-org.usm.idm.oclc.org/10.1090/S0894-0347-2014-00799-2},
}
@book {DeRham31,
    AUTHOR = {De Rham, Georges},
     TITLE = {Sur l'analysis situs des vari\'{e}t\'{e}s \`a {$n$} dimensions},
 PUBLISHER = {NUMDAM, [place of publication not identified]},
      YEAR = {1931},
     PAGES = {86},
   MRCLASS = {Thesis},
  MRNUMBER = {3532989},
       URL = {http://www.numdam.org/item?id=THESE_1931__129__1_0},
}

@book{Dem97,
  title={Complex analytic and differential geometry},
  author={Demailly, Jean-Pierre},
  year={1997},
  publisher={Citeseer}
}

@book {GilTru98,
    AUTHOR = {Gilbarg, David and Trudinger, Neil S.},
     TITLE = {Elliptic partial differential equations of second order},
    SERIES = {Classics in Mathematics},
      NOTE = {Reprint of the 1998 edition},
 PUBLISHER = {Springer-Verlag, Berlin},
      YEAR = {2001},
     PAGES = {xiv+517},
      ISBN = {3-540-41160-7},
   MRCLASS = {35-02 (35Jxx)},
  MRNUMBER = {1814364},
}

@article {Serre55,
    AUTHOR = {Serre, Jean-Pierre},
     TITLE = {Un th\'{e}or\`eme de dualit\'{e}},
   JOURNAL = {Comment. Math. Helv.},
  FJOURNAL = {Commentarii Mathematici Helvetici},
    VOLUME = {29},
      YEAR = {1955},
     PAGES = {9--26},
      ISSN = {0010-2571},
   MRCLASS = {56.0X},
  MRNUMBER = {67489},
MRREVIEWER = {S. Chern},
       DOI = {10.1007/BF02564268},
       URL = {https://doi-org.usm.idm.oclc.org/10.1007/BF02564268},
}

@book {deCataldo07,
    AUTHOR = {de Cataldo, Mark Andrea},
     TITLE = {The {H}odge theory of projective manifolds},
 PUBLISHER = {Imperial College Press, London},
      YEAR = {2007},
     PAGES = {xii+102},
      ISBN = {978-1-86094-800-8; 1-86094-800-6},
   MRCLASS = {14C30 (32J25)},
  MRNUMBER = {2351108},
MRREVIEWER = {Jan Nagel},
       DOI = {10.1142/9781860948657},
       URL = {https://doi-org.usm.idm.oclc.org/10.1142/9781860948657},
}

@book {Szeke14,
    AUTHOR = {Sz{\'e}kelyhidi, G{\'a}bor},
     TITLE = {An introduction to extremal {K}\"{a}hler metrics},
    SERIES = {Graduate Studies in Mathematics},
    VOLUME = {152},
 PUBLISHER = {American Mathematical Society, Providence, RI},
      YEAR = {2014},
     PAGES = {xvi+192},
      ISBN = {978-1-4704-1047-6},
   MRCLASS = {53C55 (14L24 32Q20 53C25)},
  MRNUMBER = {3186384},
MRREVIEWER = {Andrew Bucki},
       DOI = {10.1090/gsm/152},
       URL = {https://doi-org.usm.idm.oclc.org/10.1090/gsm/152},
}

@incollection {Blocki13,
    AUTHOR = {B{\l}ocki, Zbigniew},
     TITLE = {The complex {M}onge-{A}mp\`ere equation in {K}\"{a}hler geometry},
 BOOKTITLE = {Pluripotential theory},
    SERIES = {Lecture Notes in Math.},
    VOLUME = {2075},
     PAGES = {95--141},
 PUBLISHER = {Springer, Heidelberg},
      YEAR = {2013},
   MRCLASS = {32W20 (32Q15 53C25)},
  MRNUMBER = {3089069},
MRREVIEWER = {Zhizhang Wang},
       DOI = {10.1007/978-3-642-36421-1\_2},
       URL = {https://doi-org.usm.idm.oclc.org/10.1007/978-3-642-36421-1_2},
}
@incollection {Blocki12,
    AUTHOR = {B{\l}ocki, Zbigniew},
     TITLE = {The {C}alabi-{Y}au theorem},
 BOOKTITLE = {Complex {M}onge-{A}mp\`ere equations and geodesics in the space
              of {K}\"{a}hler metrics},
    SERIES = {Lecture Notes in Math.},
    VOLUME = {2038},
     PAGES = {201--227},
 PUBLISHER = {Springer, Heidelberg},
      YEAR = {2012},
   MRCLASS = {32Q25 (32W20)},
  MRNUMBER = {2932444},
       DOI = {10.1007/978-3-642-23669-3\_5},
       URL = {https://doi-org.usm.idm.oclc.org/10.1007/978-3-642-23669-3_5},
}

@book {Ballmann06,
    AUTHOR = {Ballmann, Werner},
     TITLE = {Lectures on {K}\"{a}hler manifolds},
    SERIES = {ESI Lectures in Mathematics and Physics},
 PUBLISHER = {European Mathematical Society (EMS), Z\"{u}rich},
      YEAR = {2006},
     PAGES = {x+172},
      ISBN = {978-3-03719-025-8; 3-03719-025-6},
   MRCLASS = {32Q15 (53C55)},
  MRNUMBER = {2243012},
MRREVIEWER = {Joel Fine},
       DOI = {10.4171/025},
       URL = {https://doi-org.usm.idm.oclc.org/10.4171/025},
}